@book{ahlfors1953complex,
    title={Complex Analysis},
    author={Ahlfors},
    year={1953},
    publisher={McGraw-Hill},
    address={New York}
}
@book{auslander1963introduction,
    title={Introduction to Differentiable Manifolds},
    author={Auslander and MacKenzie},
    year={1963},
    publisher={McGraw-Hill},
    address={New York}
}